<record><leader>00000cas a22000007a 4500</leader><controlfield tag="001">10035175</controlfield><controlfield tag="008">831019c18559999nyuwr ne      0   a0eng d</controlfield><datafield ind1=" " ind2=" " tag="010"><subfield code="a">sn 83031732 </subfield></datafield><datafield ind1=" " ind2=" " tag="040"><subfield code="a">NPU</subfield><subfield code="b">eng</subfield><subfield code="c">NPU</subfield><subfield code="d">NPX</subfield><subfield code="d">DLC</subfield><subfield code="d">NYS</subfield><subfield code="d">NSD</subfield><subfield code="d">NYS</subfield><subfield code="d">OCL</subfield><subfield code="d">OCLCQ</subfield><subfield code="d">OCLCF</subfield><subfield code="d">OCLCO</subfield></datafield><datafield ind1=" " ind2=" " tag="012"><subfield code="l">1</subfield></datafield><datafield ind1="1" ind2=" " tag="022"><subfield code="a">1071-1074</subfield><subfield code="l">1071-1074</subfield><subfield code="2">1</subfield></datafield><datafield ind1="1" ind2=" " tag="029"><subfield code="a">AU@</subfield><subfield code="b">000025832526</subfield></datafield><datafield ind1=" " ind2=" " tag="037"><subfield code="b">Westfield Republican, PO Box 38, Westfield, N.Y. 14787</subfield></datafield><datafield ind1=" " ind2=" " tag="042"><subfield code="a">msc</subfield><subfield code="a">nsdp</subfield></datafield><datafield ind1=" " ind2=" " tag="043"><subfield code="a">n-us-ny</subfield></datafield><datafield ind1="0" ind2="0" tag="050"><subfield code="a">Newspaper 9134</subfield></datafield><datafield ind1=" " ind2="0" tag="222"><subfield code="a">Westfield Republican</subfield></datafield><datafield ind1="0" ind2="0" tag="245"><subfield code="a">Westfield Republican.</subfield></datafield><datafield ind1=" " ind2=" " tag="260"><subfield code="a">Westfield, N.Y. :</subfield><subfield code="b">M.C. Rice</subfield></datafield><datafield ind1=" " ind2=" " tag="300"><subfield code="a">v. :</subfield><subfield code="b">ill. ;</subfield><subfield code="c">60-64 cm.</subfield></datafield><datafield ind1=" " ind2=" " tag="310"><subfield code="a">Weekly</subfield></datafield><datafield ind1="1" ind2=" " tag="362"><subfield code="a">Began with Apr. 25, 1855 issue.</subfield><subfield code="z">Cf. Gregory, W. Amer. newspapers.</subfield></datafield><datafield ind1=" " ind2=" " tag="500"><subfield code="a">Publishers: M.C. Rice, &lt;1873&gt;; John &amp; F.H. Hall, &lt;Apr. 1873&gt;; F.A. Hall, &lt;1874-1876&gt;; Alfred E. Rose, &lt;1884-1886&gt;; Hugh W. Thompson, &lt;1892&gt;; H.W. Thompson, &lt;1939&gt;; Westfield Republican, &lt;1963-1980&gt;; Ogden Newspapers, &lt;July 22, 1993-&gt;</subfield></datafield><datafield ind1=" " ind2=" " tag="500"><subfield code="a">Editor: M.C. Rice, &lt;1864-1865&gt;; Jeff Keller, &lt;July 22, 1993-&gt;</subfield></datafield><datafield ind1=" " ind2=" " tag="500"><subfield code="a">Westfield sesqui-centennial ed. published: July 30-Aug. 6, 1952 and contains the claim, "First Republican paper printed in the USA."</subfield></datafield><datafield ind1=" " ind2=" " tag="500"><subfield code="a">Centennial ed. published: Apr. 27, 1955.</subfield></datafield><datafield ind1=" " ind2=" " tag="500"><subfield code="a">"Republican."</subfield></datafield><datafield ind1=" " ind2=" " tag="588"><subfield code="a">Description based on: Vol. 1, no. 42 (Feb. 6, 1856).</subfield></datafield><datafield ind1=" " ind2=" " tag="588"><subfield code="a">Latest issue consulted: Vol. 139, no. 14 (July 22, 1993) (surrogate).</subfield></datafield><datafield ind1=" " ind2="0" tag="651"><subfield code="a">Westfield (N.Y.)</subfield><subfield code="v">Newspapers.</subfield></datafield><datafield ind1=" " ind2="7" tag="655"><subfield code="a">Newspapers.</subfield><subfield code="2">fast</subfield><subfield code="0">(OCoLC)fst01423814</subfield></datafield><datafield ind1=" " ind2="7" tag="651"><subfield code="a">New York (State)</subfield><subfield code="z">Westfield.</subfield><subfield code="2">fast</subfield><subfield code="0">(OCoLC)fst01212746</subfield></datafield><datafield ind1=" " ind2=" " tag="752"><subfield code="a">United States</subfield><subfield code="b">New York</subfield><subfield code="c">Chautauqua</subfield><subfield code="d">Westfield.</subfield></datafield><datafield ind1="0" ind2="5" tag="780"><subfield code="t">Ripley review (Ripley, N.Y.)</subfield><subfield code="w">(DLC)sn 93063765</subfield><subfield code="w">(OCoLC)27057990</subfield></datafield></record>